# balance --gain report

<
P 1999/12/01 stock  1 A
P 2000/01/01 stock  2 A
P 2000/02/01 stock  3 A

P 1999/12/01 B      1 A
P 2000/01/01 B      5 A
P 2000/02/01 B      6 A

1999/12/01
  (assets:fake)     1 stock
  (assets:fake)     1 A
  (assets:fake)     1 B

1999/12/01
  (assets:old)      2 stock @ 2 A

2000/01/01
  (assets:new)      1 stock @ 3 A
  (assets:b)        1 stock @ 3 B

# ** 1. multicolumn balance report showing changes in gain
$ hledger -f- bal -M --gain --no-total
Incremental gain in 1999-12-01..2000-02-29, valued at period ends:

            || 1999-12  2000-01  2000-02 
============++===========================
 assets:b   ||       0    -13 A     -2 A 
 assets:new ||       0     -1 A      1 A 
 assets:old ||    -2 A      2 A      2 A 

# ** 2. multibalance report showing changes in gain including some historical postings
$ hledger -f- bal -M --gain -b 2000 --no-total
Incremental gain in 2000-01-01..2000-02-29, valued at period ends:

            ||   Jan   Feb 
============++=============
 assets:b   || -13 A  -2 A 
 assets:new ||  -1 A   1 A 
 assets:old ||   2 A   2 A 

# ** 3. historical gain report
$ hledger -f- bal -M --gain -b 2000 --no-total --historical
Historical gain in 2000-01-01..2000-02-29, valued at period ends:

            || 2000-01-31  2000-02-29 
============++========================
 assets:b   ||      -13 A       -15 A 
 assets:new ||       -1 A           0 
 assets:old ||          0         2 A 

# ** 4. cumulative gain report
$ hledger -f- bal -M --gain -b 2000 --no-total --cumulative
Cumulative gain in 2000-01-01..2000-02-29, valued at period ends:

            || 2000-01-31  2000-02-29 
============++========================
 assets:b   ||      -13 A       -15 A 
 assets:new ||       -1 A           0 
 assets:old ||        2 A         4 A 

# ** 5. use a different valuation strategy
$ hledger -f- bal -M --gain --no-total --value=2000-02-01
Incremental gain in 1999-12-01..2000-01-31, valued at 2000-02-01:

            || 1999-12  2000-01 
============++==================
 assets:b   ||       0    -15 A 
 assets:old ||     2 A        0 

# ** 6. use a different valuation strategy for historical
$ hledger -f- bal -M --gain --no-total --value=2000-02-01 -b 2000 --historical
Historical gain in 2000-01, valued at 2000-02-01:

            || 2000-01-31 
============++============
 assets:b   ||      -15 A 
 assets:old ||        2 A 

# ** 7. also works in balancesheet
$ hledger -f- bs -M --gain --no-total
Monthly Balance Sheet 1999-12-31..2000-02-29 (Historical Gain), valued at period ends

             || 1999-12-31  2000-01-31  2000-02-29 
=============++====================================
 Assets      ||                                    
-------------++------------------------------------
 assets:b    ||          0       -13 A       -15 A 
 assets:new  ||          0        -1 A           0 
 assets:old  ||       -2 A           0         2 A 
=============++====================================
 Liabilities ||                                    
-------------++------------------------------------

# ** 8. With bare @ (no lot notation), --gain accumulates realised gain
# alongside unrealised once disposals exist. After a partial sale, the
# figure is realised + unrealised, not unrealised alone (#2049).
<
P 2023-12-31 AAPL 15 USD

2023-01-01 buy
    assets:cash             -100 USD
    assets:stock              10 AAPL @ 10 USD

2023-03-01 sell half
    assets:cash               60 USD
    assets:stock              -5 AAPL @ 12 USD

$ hledger -f- bal --gain -e 2024 assets:stock
              35 USD  assets:stock
--------------------
              35 USD  

# ** 9. Once the position is fully disposed, --gain reports realised gain only.
<
P 2023-12-31 AAPL 15 USD

2023-01-01 buy
    assets:cash             -100 USD
    assets:stock              10 AAPL @ 10 USD

2023-03-01 sell half
    assets:cash               60 USD
    assets:stock              -5 AAPL @ 12 USD

2023-06-01 sell rest
    assets:cash               65 USD
    assets:stock              -5 AAPL @ 13 USD

$ hledger -f- bal --gain -e 2024 assets:stock
              25 USD  assets:stock
--------------------
              25 USD  
