# Testing lot disposal scenarios.

# * Lot disposal

# ** 1. Simple dispose - negative amount to Asset account with cost basis - gets ptype:dispose tag
<
2026-01-01 Buy stock
    assets:broker    5 AAPL {$100} @ $100
    assets:cash

2026-01-02 Sell stock
    assets:broker    -5 AAPL {$100} @ $100
    assets:cash       $500

$ hledger -f- print --verbose-tags
2026-01-01 Buy stock
    assets:broker    5 AAPL {$100} @ $100  ; ptype: acquire
    assets:cash

2026-01-02 Sell stock
    assets:broker    -5 AAPL {$100} @ $100  ; ptype: dispose
    assets:cash                       $500

>=

# ** 2. Simple single-lot disposal: the sell posting selects the appropriate lot subaccount.
<
2026-01-15 buy
    assets:stocks    10 AAPL {$50}
    assets:checking

2026-02-01 sell
    assets:stocks    -5 AAPL {$50} @ $50
    assets:cash       $250

$ hledger -f- bal assets:stocks --lots -N
              5 AAPL  assets:stocks:{2026-01-15, $50}

# ** 3. Full lot consumption: the lot is fully consumed.
<
2026-01-15 buy
    assets:stocks    10 AAPL {$50}
    assets:checking

2026-02-01 sell all
    assets:stocks   -10 AAPL {$50} @ $50
    assets:cash       $500

$ hledger -f- bal assets:stocks --lots -N

# ** 4. FIFO multi-lot disposal: sell with {} can select multiple lots, oldest first.
<
account revenue:gains  ; type:G

2026-01-15 buy cheap
    assets:stocks    10 AAPL {$50}
    assets:checking

2026-02-01 buy expensive
    assets:stocks    10 AAPL {$60}
    assets:checking

2026-03-01 sell some
    assets:stocks   -15 AAPL {} @ $55
    assets:cash      $825
    revenue:gains   -$25

$ hledger -f- bal assets:stocks --lots -N
              5 AAPL  assets:stocks:{2026-02-01, $60}

# ** 5. Insufficient lots error: disposing more than is available at the specified cost fails.
<
2026-01-15 buy
    assets:stocks    10 AAPL {$50}
    assets:checking

2026-02-01 sell too many
    assets:stocks   -15 AAPL {$50} @ $55
    assets:cash      $825

$ hledger -f- bal assets:stocks --lots
>2 /insufficient lots/
>=1

# ** 6. Disposing when there's no lots at all gives a different error, apparently. ?
<
2026-02-01 sell without buying
    assets:stocks    -5 AAPL {$50} @ $55
    assets:cash       $275

$ hledger -f- bal assets:stocks --lots
>2 /no lots available/
>=1

# ** 7. Multiple disposals reduce lots correctly.
<
2026-01-15 buy
    assets:stocks    10 AAPL {$50}
    assets:checking

2026-02-01 sell some
    assets:stocks    -3 AAPL {$50} @ $50
    assets:cash       $150

2026-02-15 sell more
    assets:stocks    -4 AAPL {$50} @ $50
    assets:cash       $200

2026-03-01 sell rest
    assets:stocks    -3 AAPL {$50} @ $50
    assets:cash       $150

$ hledger -f- bal assets:stocks --lots -N

# ** 8. A dispose posting with unknown transacted cost (selling price) is an error.
<
2026-01-15 buy
    assets:stocks    10 AAPL {$50}
    assets:checking

2026-02-01 sell
    assets:stocks    -5 AAPL {$50}
    assets:cash

$ hledger -f- bal assets:stocks --lots
>2 /no transacted price/
>=1

# ** 9. Explicit lot subaccount on dispose posting is accepted when it matches the resolved lot.
<
commodity AAPL  ; lots:
account revenue:gains  ; type:G

2026-01-15 buy
    assets:stocks    10 AAPL {} @ $50
    assets:checking

2026-02-01 sell
    assets:stocks:{2026-01-15, $50}    -5 AAPL {2026-01-15, $50} @ $60
    assets:cash      $300
    revenue:gains   -$50

$ hledger -f- print --lots
2026-01-15 buy
    assets:stocks:{2026-01-15, $50}    10 AAPL {} @ $50
    assets:checking

2026-02-01 sell
    assets:stocks:{2026-01-15, $50}    -5 AAPL {2026-01-15, $50} @ $60
    assets:cash                                                   $300
    revenue:gains                                                 $-50
    equity:unrealised-gain                                         $50

>=

# ** 10. Explicit lot subaccount that doesn't match the resolved lot is an error.
<
commodity AAPL  ; lots:
account revenue:gains  ; type:G

2026-01-15 buy
    assets:stocks    10 AAPL {} @ $50
    assets:checking

2026-02-01 sell
    assets:stocks:{2026-02-01, $99}    -5 AAPL {2026-01-15, $50} @ $60
    assets:cash      $300
    revenue:gains   -$50

$ hledger -f- print --lots
>2 /conflicting cost basis date/
>=1

# ** 11. Implicit multi-lot disposal: bare negative amount with no cost basis, sale price inferred from cash.
<
commodity AAPL  ; lots:
account revenue:gains  ; type:G

2026-01-15 buy cheap
    assets:stocks    10 AAPL {} @ $50
    assets:checking

2026-02-01 buy expensive
    assets:stocks    10 AAPL {} @ $55
    assets:checking

2026-03-01 sell some
    assets:stocks   -15 AAPL
    assets:cash      $900

$ hledger -f- print --lots -x desc:sell
2026-03-01 sell some
    assets:stocks:{2026-01-15, $50}    -10 AAPL {2026-01-15, $50} @ $60
    assets:stocks:{2026-02-01, $55}     -5 AAPL {2026-02-01, $55} @ $60
    assets:cash                                                    $900
    revenue:gains                                                 $-125
    equity:unrealised-gain                                         $125

>=

# ** 12. Implicit multi-lot disposal: negative amount with explicit @ cost, cash and gains inferred.
<
commodity AAPL  ; lots:
account revenue:gains  ; type:G

2026-01-15 buy cheap
    assets:stocks    10 AAPL {} @ $50
    assets:checking

2026-02-01 buy expensive
    assets:stocks    10 AAPL {} @ $55
    assets:checking

2026-03-01 sell
    assets:stocks   -15 AAPL @ $60
    assets:cash

$ hledger -f- print --lots -x desc:sell
2026-03-01 sell
    assets:stocks:{2026-01-15, $50}    -10 AAPL {2026-01-15, $50} @ $60
    assets:stocks:{2026-02-01, $55}     -5 AAPL {2026-02-01, $55} @ $60
    assets:cash                                                    $900
    revenue:gains                                                 $-125
    equity:unrealised-gain                                         $125

>=

# ** 13. Bare negative lotful posting without selling price gets a lot subaccount
# (dispose matches lot via FIFO, no gain posting since there's no selling price).
<
commodity AAPL  ; lots:

2026-01-15 buy
    assets:stocks    10 AAPL {$50}
    assets:cash

2026-02-01 gift given
    assets:stocks    -5 AAPL
    equity:opening

$ hledger -f- bal assets:stocks --lots -N
              5 AAPL  assets:stocks:{2026-01-15, $50}

# ** 14. Balance assertion on a multi-lot disposal is moved to a generated parent-account
# posting with subaccount-inclusive checking (=*), so the assertion still passes on re-read.

<
account revenue:gains  ; type:G

2026-01-15 buy cheap
    assets:stocks    10 AAPL {$50}
    assets:checking

2026-02-01 buy expensive
    assets:stocks    10 AAPL {$60}
    assets:checking

2026-03-01 sell all
    assets:stocks    -20 AAPL {} @ $70 = 0 AAPL
    assets:cash       $1400

$ hledger -f- print --lots -x desc:sell
2026-03-01 sell all
    assets:stocks:{2026-01-15, $50}    -10 AAPL {2026-01-15, $50} @ $70
    assets:stocks:{2026-02-01, $60}    -10 AAPL {2026-02-01, $60} @ $70
    assets:stocks                                                0 AAPL =* 0 AAPL
    assets:cash                                                   $1400
    revenue:gains                                                 $-300
    equity:unrealised-gain                                         $300

>=

# ** 15. A balance assertion on a dispose posting is moved to a generated parent-account
# posting with subaccount-inclusive checking (=*).
# Here after selling lot1, assets:stocks:{2026-01-15, $50} is 0 but assets:stocks:{2026-02-01, $60} is 10 AAPL.
# The assertion = 10 AAPL, converted to =*, checks the inclusive balance of assets:stocks = 10 AAPL.
<
2026-01-15 buy lot1
    assets:stocks    10 AAPL {$50}
    assets:checking

2026-02-01 buy lot2
    assets:stocks    10 AAPL {$60}
    assets:checking

2026-03-01 sell lot1
    assets:stocks    -10 AAPL {} @ $70 = 10 AAPL
    assets:cash       $700

$ hledger -f- --lots check assertions

# ** 16. But if a lot subaccount is written explicitly, a balance assertion checks that subaccount's balance.
<
2026-01-15 buy lot1
    assets:stocks:{2026-01-15, $50}    10 AAPL
    assets:checking

2026-02-01 buy lot2
    assets:stocks:{2026-02-01, $60}    10 AAPL
    assets:checking

2026-03-01 sell lot1
    assets:stocks:{2026-01-15, $50}    -10 AAPL = 0 AAPL
    assets:cash       $700

$ hledger -f- check assertions

# ** 17. Round-trip: print --lots -x output can be re-read and balance assertions still pass.
# A generated parent account posting with a =* assertion reproduces the original assertion's meaning.
# But a lotful account declaration for the generated revenue:gains account is needed.
<
2026-01-15 buy cheap
    assets:stocks    10 AAPL {$50}
    assets:checking

2026-02-01 buy expensive
    assets:stocks    10 AAPL {$60}
    assets:checking

2026-03-01 sell all
    assets:stocks    -20 AAPL {} @ $70 = 0 AAPL
    assets:cash       $1400

$ hledger -f- print --lots -x | (echo 'account revenue:gains  ; type:G'; cat) | hledger -f- check assertions

# ** 18. Dispose with explicit lot subaccount infers cost basis from account name.
<
commodity AAPL  ; lots:
account revenue:gains  ; type:G

2026-01-15 buy
    assets:stocks    10 AAPL {$50}
    assets:cash

2026-02-01 sell with explicit lot subaccount
    assets:stocks:{2026-01-15, $50}    -5 AAPL @ $60
    assets:cash

$ hledger -f- print --lots -x desc:sell
2026-02-01 sell with explicit lot subaccount
    assets:stocks:{2026-01-15, $50}    -5 AAPL {2026-01-15, $50} @ $60
    assets:cash                                                   $300
    revenue:gains                                                 $-50
    equity:unrealised-gain                                         $50

>=

# ** 19. Insufficient lots error shows reduction method.
<
2026-01-15 buy
    assets:stocks    10 AAPL {$50}
    assets:checking

2026-02-01 sell too many
    assets:stocks   -15 AAPL {$50} @ $55
    assets:cash      $825

$ hledger -f- bal assets:stocks --lots
>2 /Using FIFO \(default\)/
>=1

# ** 20. Insufficient lots error shows review hint.
<
2026-01-15 buy
    assets:stocks    10 AAPL {$50}
    assets:checking

2026-02-01 sell too many
    assets:stocks   -15 AAPL {$50} @ $55
    assets:cash      $825

$ hledger -f- check
>2 /need 15 but only 10 available/
>=1

# ** 21. No lots available error shows commodity tag as method source.
<
commodity AAPL  ; lots: LIFO

2026-02-01 sell without buying
    assets:stocks    -5 AAPL {$50} @ $55
    assets:cash       $275

$ hledger -f- bal assets:stocks --lots
>2 /Using LIFO \(from commodity tag on AAPL\)/
>=1

# ** 22. Error shows account tag as method source.
<
account assets:stocks  ; lots: LIFO

2026-02-01 sell without buying
    assets:stocks    -5 AAPL {$50} @ $55
    assets:cash       $275

$ hledger -f- bal assets:stocks --lots
>2 /Using LIFO \(from account tag on assets:stocks\)/
>=1

# ** 23. Lot error highlights the posting line, not the transaction line.
<
2026-01-15 buy
    assets:stocks    10 AAPL {$50}
    assets:checking

2026-02-01 sell too many
    assets:stocks   -15 AAPL {$50} @ $55
    assets:cash      $825

$ hledger -f- bal assets:stocks --lots
>2 /6 \|     assets:stocks/
>=1

# ** 24. Expense posting with cost basis does not get a lot subaccount.
<
commodity AAPL  ; lots:
account revenue:gains  ; type: G

2026-01-15 buy
    assets:stocks    10 AAPL {$80}
    assets:cash

2026-02-01 sell with stock fee
    assets:stocks    -5 AAPL {$80} @ $90
    expenses:fees    0.1 AAPL {$80} @ $90
    assets:cash      $441
    revenue:gains   -$49

$ hledger -f- bal --lots -N
               $-359  assets:cash
            5.0 AAPL  assets:stocks:{2026-01-15, $80}
                 $49  equity:unrealised-gain
            0.1 AAPL  expenses:fees
                $-49  revenue:gains

# ** 25. Sub-cent gain (issue #2575): a fractional-commodity disposal
# produces a gain below 2-decimal display precision. The exact gain is
# recorded in the generated rgain/ugain pair regardless of the journal's
# display precision; reports at 2-decimal precision show it rounded to $0.00
# but the data is there (use `-c '$1,000.00000000'` to see the full amount).
<
commodity 1.000000 ETH  ; lots:
account income:gains              ; type:G
account equity:unrealised-gain    ; type:U

2026-03-06 buy
    assets:custodial      1.000000 ETH
    assets:custodial    $-1,980.78

2026-03-09 transfer
    assets:custodial        -1.000000 ETH
    assets:cold wallet       0.999601 ETH
    expenses:fees:trading    0.000399 ETH @ $1,992.36

$ hledger -f- print -x desc:transfer
2026-03-09 transfer
    assets:custodial:{2026-03-06, $1,980.78}                  -0.999601 ETH {2026-03-06, $1,980.78}
    assets:custodial:{2026-03-06, $1,980.78}      -0.000399 ETH {2026-03-06, $1,980.78} @ $1,992.36
    assets:cold wallet:{2026-03-06, $1,980.78}                 0.999601 ETH {2026-03-06, $1,980.78}
    expenses:fees:trading                                                  0.000399 ETH @ $1,992.36
    income:gains                                                                       $-0.00462042
    equity:unrealised-gain                                                              $0.00462042

>=

# ** 26. Disposal balance check works with --infer-equity.
# Equity conversion postings (from --infer-equity) should not disrupt the
# disposal cost-basis balance check, and should not carry cost basis annotations.
<
account income:capital  ; type:G

2026-01-15 buy
    assets:broker    10 AAPL {$50}
    assets:cash

2026-02-15 sell
    assets:cash       $600
    assets:broker    -10 AAPL {$50} @ $60
    income:capital   -$100

$ hledger -f- print --lots --infer-equity
2026-01-15 buy
    assets:broker:{2026-01-15, $50}    10 AAPL {$50}
    equity:conversion:$-AAPL:AAPL           -10 AAPL
    equity:conversion:$-AAPL:$                  $500
    assets:cash

2026-02-15 sell
    assets:cash                                        $600
    assets:broker:{2026-01-15, $50}    -10 AAPL {$50} @ $60
    equity:conversion:$-AAPL:AAPL                   10 AAPL
    equity:conversion:$-AAPL:$                        $-600
    income:capital                                    $-100
    equity:unrealised-gain                             $100

>=

# ** 27. Equity conversion amounts are rounded to the transaction's local display precision.
# 9.216 * 1801.215277778 = 16600.000000002, which should be rounded to 16600.00 (2dp from Rs-16600.00).
<
2017-04-09 buy
    assets:fund    9.216 FUND @ Rs1801.215277778
    assets:cash                       Rs-16600.00

$ hledger -f- print --infer-equity
2017-04-09 buy
    assets:fund                       9.216 FUND @ Rs1801.215277778
    equity:conversion:FUND-Rs:FUND                      -9.216 FUND
    equity:conversion:FUND-Rs:Rs                         Rs16600.00
    assets:cash                                         Rs-16600.00

>=

# ** 28. Unbalanced disposal error shows per-posting cost-basis breakdown.
<
account income:capital  ; type:G
commodity FUND  ; lots:

2026-01-15 buy
    assets:fund    10 FUND {Rs100}
    assets:savings            Rs-1000

2026-02-15 sell
    assets:savings                             Rs1500
    assets:fund    -10 FUND {Rs100} @@ Rs1500
    income:capital                             Rs-400

$ hledger -f- print --lots
>2 /realised gain amount is wrong/
>=1

# ** 29. An imprecise per-unit cost basis causes an imbalance that we don't tolerate.
# 9.216 × 1801.215277778 = 16600.000000002, off by 0.000000002 from the Rs16600.00 paid.
# We treat this as an unbalanced disposal rather than silently rounding it away.
<
account income:capital  ; type:G

2017-04-09 buy
    assets:fund    9.216 FUND {Rs1801.215277778}
    assets:savings                   Rs-16600.00

2019-07-10 sell
    assets:savings                                     Rs19403.24
    assets:fund    -9.216 FUND {Rs1801.215277778} @@ Rs19403.24
    income:capital                                     Rs-2803.24

$ hledger -f- print --lots
>2 /realised gain amount is wrong/
>=1

# ** 30. TODO: {{ }} total cost basis syntax should let us work around test
# 25's imprecision issue. But currently hledger normalises {{ total }} to
# { per-unit } internally, and this normalisation is flawed:
#
#   - It divides the total by the posting's *signed* quantity. So the acquire's
#     9.216 FUND {{Rs16600.00}} stores per-unit Rs1801.22 but the dispose's
#     -9.216 FUND {{Rs16600.00}} is normalised to per-unit Rs-1801.22 (wrong sign),
#     and the dispose fails to match the acquired lot.
#
#   - It rounds the per-unit to the commodity's declared precision (2 decimals
#     for Rs), so even with the sign fixed, Rs1801.22 would not equal the
#     acquire's exact Rs16600/9.216 ≈ Rs1801.215277778..., and the Decimal
#     artifact from test 25 would reappear.
#
# Until this is fixed, users have to avoid test 25's case by choosing
# quantities and per-unit costs that multiply exactly.
<
account income:capital  ; type:G

2017-04-09 buy
    assets:fund    9.216 FUND {{Rs16600.00}}
    assets:savings                   Rs-16600.00

2019-07-10 sell
    assets:savings                                     Rs19403.24
    assets:fund    -9.216 FUND {{Rs16600.00}} @@ Rs19403.24
    income:capital                                     Rs-2803.24

$ hledger -f- print --lots
>2 /no lots available for commodity FUND in account assets:fund/
>=1

